<?xml version="1.0" encoding="UTF-8"?><collection xmlns="http://www.loc.gov/MARC21/slim"><record><leader>00396nam--2200157-i-4500</leader><controlfield tag="001">000035995</controlfield><controlfield tag="002">20161230</controlfield><controlfield tag="005">20170101232535</controlfield><controlfield tag="008">060222s1000------------r-----000-0-eng-d</controlfield><datafield ind1=" " ind2=" " tag="080"><subfield code="a">539.12</subfield></datafield><datafield ind1=" " ind2=" " tag="100"><subfield code="a">Omnes, Roland</subfield></datafield><datafield ind1=" " ind2=" " tag="245"><subfield code="a">Introduction a l`etude des particules elelmentaires</subfield></datafield><datafield ind1=" " ind2=" " tag="260"><subfield code="a">Paris</subfield><subfield code="b">Ediscience</subfield><subfield code="c">1970</subfield></datafield><datafield ind1=" " ind2=" " tag="300"><subfield code="a">XX + 438p</subfield></datafield><datafield ind1=" " ind2=" " tag="852"><subfield code="a">34436</subfield></datafield><datafield ind1=" " ind2=" " tag="CAT"><subfield code="a">SYS</subfield><subfield code="c">20170101</subfield><subfield code="h">232535</subfield></datafield></record></collection>